@book{CE,
author = {Rubinstein, Reuven Y. and Kroese, Dirk P.},
title = {The Cross Entropy Method: A Unified Approach To Combinatorial Optimization, Monte-Carlo Simulation (Information Science and Statistics)},
year = {2004},
isbn = {038721240X},
publisher = {Springer-Verlag},
address = {Berlin, Heidelberg}
}

@book{10.5555/2613684,
author = {Rubinstein, Reuven Y. and Ridder, Ad and Vaisman, Radislav},
title = {Fast Sequential Monte Carlo Methods for Counting and Optimization},
year = {2013},
isbn = {1118612264},
publisher = {Wiley Publishing},
edition = {1st}
}
  
@article{de2005tutorial,
  title={A tutorial on the cross-entropy method},
  author={De Boer, Pieter-Tjerk and Kroese, Dirk P and Mannor, Shie and Rubinstein, Reuven Y},
  journal={Annals of operations research},
  volume={134},
  number={1},
  pages={19--67},
  year={2005},
  publisher={Springer}
}
